@book{Marzani:2019hun,
    author = "Marzani, Simone and Soyez, Gregory and Spannowsky, Michael",
    title = "{Looking inside jets: an introduction to jet substructure and boosted-object phenomenology}",
    eprint = "1901.10342",
    archivePrefix = "arXiv",
    primaryClass = "hep-ph",
    doi = "10.1007/978-3-030-15709-8",
    publisher = "Springer",
    volume = "958",
    year = "2019"
}

@article{Salam:2009jx,
    author = "Salam, Gavin P.",
    title = "{Towards Jetography}",
    eprint = "0906.1833",
    archivePrefix = "arXiv",
    primaryClass = "hep-ph",
    doi = "10.1140/epjc/s10052-010-1314-6",
    journal = "Eur. Phys. J. C",
    volume = "67",
    pages = "637--686",
    year = "2010"
}

@article{Antchev:2017dia,
    author = "Antchev, G. and others",
    collaboration = "TOTEM",
    title = "{First measurement of elastic, inelastic and total cross-section at $\sqrt{s}=13$ TeV by TOTEM and overview of cross-section data at LHC energies}",
    eprint = "1712.06153",
    archivePrefix = "arXiv",
    primaryClass = "hep-ex",
    reportNumber = "CERN-EP-2017-321, CERN-EP-2017-321-V2",
    doi = "10.1140/epjc/s10052-019-6567-0",
    journal = "Eur. Phys. J. C",
    volume = "79",
    number = "2",
    pages = "103",
    year = "2019"
}

@article{CMS:2010eua,
    collaboration = "CMS",
    title = "{Commissioning of the Particle-Flow reconstruction in Minimum-Bias and Jet Events from pp Collisions at 7 TeV}",
    reportNumber = "CMS-PAS-PFT-10-002",
    month = "7",
    year = "2010"
}

@article{Sterman:1977wj,
    author = "Sterman, George F. and Weinberg, Steven",
    title = "{Jets from Quantum Chromodynamics}",
    reportNumber = "HUTP-77/A044",
    doi = "10.1103/PhysRevLett.39.1436",
    journal = "Phys. Rev. Lett.",
    volume = "39",
    pages = "1436",
    year = "1977"
}

@article{Aad:2016mok,
    author = "Aad, Georges and others",
    collaboration = "ATLAS",
    title = "{Charged-particle distributions in $\sqrt{s}$ = 13 TeV pp interactions measured with the ATLAS detector at the LHC}",
    eprint = "1602.01633",
    archivePrefix = "arXiv",
    primaryClass = "hep-ex",
    reportNumber = "CERN-EP-2016-014",
    doi = "10.1016/j.physletb.2016.04.050",
    journal = "Phys. Lett. B",
    volume = "758",
    pages = "67--88",
    year = "2016"
}

@article{Bethke:2019rxn,
    author = "Bethke, Siegfried",
    title = "{Pre-2019 summaries of $\alpha_s$}",
    doi = "10.22323/1.365.0001",
    journal = "PoS",
    volume = "ALPHAS2019",
    pages = "001",
    year = "2019"
}

@book{Dokshitzer:1991wu,
    author = "Dokshitzer, Yuri L. and Khoze, Valery A. and Mueller, Alfred H. and Troian, S. I.",
    title = "{Basics of perturbative QCD}",
    year = "1991"
}

@article{Aaboud:2017wsi,
    author = "Aaboud, M. and others",
    collaboration = "ATLAS",
    title = "{Measurement of inclusive jet and dijet cross-sections in proton-proton collisions at $\sqrt{s}=13$ TeV with the ATLAS detector}",
    eprint = "1711.02692",
    archivePrefix = "arXiv",
    primaryClass = "hep-ex",
    reportNumber = "CERN-EP-2017-157",
    doi = "10.1007/JHEP05(2018)195",
    journal = "JHEP",
    volume = "05",
    pages = "195",
    year = "2018"
}

@article{Sterman:2014nua,
    author = "Sterman, George",
    editor = "Praszalowicz, Michal",
    title = "{QCD at Short Distances: Jets and Factorization}",
    eprint = "1412.5698",
    archivePrefix = "arXiv",
    primaryClass = "hep-ph",
    reportNumber = "YITP-SB-14-52",
    doi = "10.5506/APhysPolB.45.2205",
    journal = "Acta Phys. Polon. B",
    volume = "45",
    number = "12",
    pages = "2205--2240",
    year = "2014"
}

@book{Becher:2014oda,
    author = "Becher, Thomas and Broggio, Alessandro and Ferroglia, Andrea",
    title = "{Introduction to Soft-Collinear Effective Theory}",
    eprint = "1410.1892",
    archivePrefix = "arXiv",
    primaryClass = "hep-ph",
    reportNumber = "PSI-PR-14-12",
    doi = "10.1007/978-3-319-14848-9",
    publisher = "Springer",
    volume = "896",
    year = "2015"
}

@article{Collins:1989gx,
    author = "Collins, John C. and Soper, Davison E. and Sterman, George F.",
    title = "{Factorization of Hard Processes in QCD}",
    eprint = "hep-ph/0409313",
    archivePrefix = "arXiv",
    reportNumber = "ITP-SB-89-31",
    doi = "10.1142/9789814503266_0001",
    journal = "Adv. Ser. Direct. High Energy Phys.",
    volume = "5",
    pages = "1--91",
    year = "1989"
}

@article{Khachatryan:2016nbe,
    author = "Khachatryan, Vardan and others",
    collaboration = "CMS",
    title = "{Measurement of the transverse momentum spectra of weak vector bosons produced in proton-proton collisions at $ \sqrt{s}=8 $ TeV}",
    eprint = "1606.05864",
    archivePrefix = "arXiv",
    primaryClass = "hep-ex",
    reportNumber = "CMS-SMP-14-012, CERN-EP-2016-152",
    doi = "10.1007/JHEP02(2017)096",
    journal = "JHEP",
    volume = "02",
    pages = "096",
    year = "2017"
}

@article{Chatrchyan:2012ku,
    author = "Chatrchyan, Serguei and others",
    collaboration = "CMS",
    title = "{Search for Anomalous $t\bar{t}$ Production in the Highly-Boosted All-Hadronic Final State}",
    eprint = "1204.2488",
    archivePrefix = "arXiv",
    primaryClass = "hep-ex",
    reportNumber = "CMS-EXO-11-006, CERN-PH-EP-2012-077",
    doi = "10.1007/JHEP09(2012)029",
    journal = "JHEP",
    volume = "09",
    pages = "029",
    year = "2012",
    note = "[Erratum: JHEP 03, 132 (2014)]"
}

@article{TheATLAScollaboration:2013qia,
    collaboration = "ATLAS",
    title = "{Performance of boosted top quark identification in 2012 ATLAS data}",
    reportNumber = "ATLAS-CONF-2013-084",
    month = "8",
    year = "2013"
}

@article{Schaetzel:2014kha,
    author = {Sch\"atzel, Sebastian},
    title = "{Boosted Top Quarks and Jet Structure}",
    eprint = "1403.5176",
    archivePrefix = "arXiv",
    primaryClass = "hep-ex",
    reportNumber = "CERN-THESIS-2013-462",
    doi = "10.1140/epjc/s10052-015-3636-x",
    journal = "Eur. Phys. J. C",
    volume = "75",
    number = "9",
    pages = "415",
    year = "2015"
} 

@article{Butterworth:2008iy,
    author = "Butterworth, Jonathan M. and Davison, Adam R. and Rubin, Mathieu and Salam, Gavin P.",
    title = "{Jet substructure as a new Higgs search channel at the LHC}",
    eprint = "0802.2470",
    archivePrefix = "arXiv",
    primaryClass = "hep-ph",
    doi = "10.1103/PhysRevLett.100.242001",
    journal = "Phys. Rev. Lett.",
    volume = "100",
    pages = "242001",
    year = "2008"
}

@article{Dasgupta:2013ihk,
    author = "Dasgupta, Mrinal and Fregoso, Alessandro and Marzani, Simone and Salam, Gavin P.",
    title = "{Towards an understanding of jet substructure}",
    eprint = "1307.0007",
    archivePrefix = "arXiv",
    primaryClass = "hep-ph",
    reportNumber = "CERN-PH-TH-2013-145, DCPT-13-86, IPPP-13-43, LPN13-036, MAN-HEP-2013-12",
    doi = "10.1007/JHEP09(2013)029",
    journal = "JHEP",
    volume = "09",
    pages = "029",
    year = "2013"
}

@article{Larkoski:2014wba,
    author = "Larkoski, Andrew J. and Marzani, Simone and Soyez, Gregory and Thaler, Jesse",
    title = "{Soft Drop}",
    eprint = "1402.2657",
    archivePrefix = "arXiv",
    primaryClass = "hep-ph",
    reportNumber = "MIT-CTP-4531, DCPT-14-24, IPPP-14-12",
    doi = "10.1007/JHEP05(2014)146",
    journal = "JHEP",
    volume = "05",
    pages = "146",
    year = "2014"
}

@article{Sirunyan:2017dgc,
    author = "Sirunyan, Albert M and others",
    collaboration = "CMS",
    title = "{Inclusive search for a highly boosted Higgs boson decaying to a bottom quark-antiquark pair}",
    eprint = "1709.05543",
    archivePrefix = "arXiv",
    primaryClass = "hep-ex",
    reportNumber = "CMS-HIG-17-010, CERN-EP-2017-207",
    doi = "10.1103/PhysRevLett.120.071802",
    journal = "Phys. Rev. Lett.",
    volume = "120",
    number = "7",
    pages = "071802",
    year = "2018"
}

@article{Krohn:2009th,
    author = "Krohn, David and Thaler, Jesse and Wang, Lian-Tao",
    title = "{Jet Trimming}",
    eprint = "0912.1342",
    archivePrefix = "arXiv",
    primaryClass = "hep-ph",
    doi = "10.1007/JHEP02(2010)084",
    journal = "JHEP",
    volume = "02",
    pages = "084",
    year = "2010"
}

@article{CMS:2014fya,
    collaboration = "CMS",
    title = "{Boosted Top Jet Tagging at CMS}",
    reportNumber = "CMS-PAS-JME-13-007",
    year = "2014"
}

@article{Thaler:2010tr,
    author = "Thaler, Jesse and Van Tilburg, Ken",
    title = "{Identifying Boosted Objects with N-subjettiness}",
    eprint = "1011.2268",
    archivePrefix = "arXiv",
    primaryClass = "hep-ph",
    reportNumber = "MIT-CTP-4191",
    doi = "10.1007/JHEP03(2011)015",
    journal = "JHEP",
    volume = "03",
    pages = "015",
    year = "2011"
}

@article{Dreyer:2018nbf,
    author = "Dreyer, Fr\'ed\'eric A. and Salam, Gavin P. and Soyez, Gr\'egory",
    title = "{The Lund Jet Plane}",
    eprint = "1807.04758",
    archivePrefix = "arXiv",
    primaryClass = "hep-ph",
    reportNumber = "CERN-TH-2018-151",
    doi = "10.1007/JHEP12(2018)064",
    journal = "JHEP",
    volume = "12",
    pages = "064",
    year = "2018"
}

@article{Ellis:2009me,
    author = "Ellis, Stephen D. and Vermilion, Christopher K. and Walsh, Jonathan R.",
    title = "{Recombination Algorithms and Jet Substructure: Pruning as a Tool for Heavy Particle Searches}",
    eprint = "0912.0033",
    archivePrefix = "arXiv",
    primaryClass = "hep-ph",
    doi = "10.1103/PhysRevD.81.094023",
    journal = "Phys. Rev. D",
    volume = "81",
    pages = "094023",
    year = "2010"
}